%2 monografie
@Book{RybickaBook,
	author = {Jiří RYBIČKA},
	title = {LaTeX pro začátečníky},
	chapter = {Základní informace},
	publisher = {Konvoj},
	address = {Brno},
	year = {2003},
	edition = {3},
	ISBN = {80-7302-049-1},
}

@InBook{GoossensBook,
	author = {Addison-Wesley},
	series = {Addison-Wesley series on tools and techniques for computer typesetting},
	publisher = {Addison-Wesley},
	address = {Upper Saddle River},
	year = {2008},
	edition = {2},
	ISBN = {978-0-321-50892-8},
}

%3 elektronicke dokumenty
@Misc{SwetavaOnline,
    author = {Swetava GANGULI},
    title = {A short history of TeX and LaTeX},
    howpublished = {[online]},
    year = {2013},
    note = {[citováno 16.4.2021]},
    url = {https://swetava.wordpress.com/a-short-history-of-tex-and-latex},
}

@Misc{KocbachOnline,
    author = {L. KOCBACH},
    title = {LaTeX Math Symbols},
    howpublished = {[online]},
    year = {2012},
    note = {[citováno 16.4.2021]},
    url = {http://www-ph.postech.ac.kr/~bimin/Latex.htm},
}

@Misc{BritannicaOnline,
    author = {{Britannica, T.Editors of Encyclopaedia}},
    title = {LaTeX},
    howpublished = {[online]},
    year = {2020},
    note = {[citováno 16.4.2021]},
    url = {https://www.britannica.com/technology/LaTeX-computer-programming-language},
}

%1 sbornik z konference
@Article{MathOnline,
    author = {Mojzisova, Andrea and Pocsova, Jana},
    title = {Visualisation of mathematical content using LATEX animations},
    booktitle = {2018 19th International Carpathian Control Conference (ICCC)},
    year = {2018},
    publisher = {IEEE},
    pages = {536--541},
    number = {2},
}

%2 clanky v serialove publikace

@Article{TexArticle,
	author = {Beeton, Barbara and Berry, Karl and Walden, David},
	title = {TeX: A Branch in Desktop Publishing Evolution, Part 1},
	journal = {IEEE Annals of the History of Computing},
	volume = {40},
	number = {3},
	pages = {78--93},
	year = {2018},
	ISSN = {1934-1547},
}

@Article{MashitaArticle,
	author = {Mashita, Tomohiro},
	title = {Online LaTeX Editor},
	journal = {The Journal of The Institute of Image Information and Television Engineers},
	volume = {71},
	number = {7},
	pages = {499--502},
	year = {2017},
	ISSN = {1342-6907},
}

%2 kvalifikacni prace
@MastersThesis{BunkaThesis,
	author = {Roman BUŇKA},
	title = {Možnosti grafiky a prezentace v systémech TeX a LaTeX},
	year = {2008},
	school = {Vysoké učení technické v Brně. Fakulta elektrotechniky a komunikačních technologií. Ústav telekomunikací.},
	type = {Bakalářská práce},
}

@MastersThesis{SokolThesis,
	author = {Sokol, Miroslav},
	title = {Online LaTeX editor},
	year = {2012},
	school = {Vysoké učení technické v Brně. Fakulta elektrotechniky a komunikačních technologií. Ústav počítačové grafiky a multimédií.},
	type = {Bakalářská práce},
}

